<record xmlns='http://www.loc.gov/MARC21/slim'><leader>01580cgm a2200373 a 4500</leader><controlfield tag='001'>5014631</controlfield><controlfield tag='005'>20151222104353.0</controlfield><controlfield tag='007'>vf cbahom</controlfield><controlfield tag='008'>040225s2003    xxu102 e          vleng d</controlfield><datafield ind1=' ' ind2=' ' tag='035'><subfield code='a'>(OCoLC)54545097</subfield></datafield><datafield ind1=' ' ind2=' ' tag='035'><subfield code='a'>5014631</subfield></datafield><datafield ind1=' ' ind2=' ' tag='040'><subfield code='a'>NIC</subfield><subfield code='c'>NIC</subfield></datafield><datafield ind1=' ' ind2=' ' tag='043'><subfield code='a'>fc-----</subfield><subfield code='a'>cc-----</subfield></datafield><datafield ind1='0' ind2='0' tag='245'><subfield code='a'>Central Africa and the Caribbean</subfield><subfield code='h'>[videorecording] :</subfield><subfield code='b'>cultural interconnections /</subfield><subfield code='c'>[Africana Studies and Research Center, Cornell University].</subfield></datafield><datafield ind1=' ' ind2=' ' tag='260'><subfield code='c'>[2003]</subfield></datafield><datafield ind1=' ' ind2=' ' tag='300'><subfield code='a'>1 videocassette (102 min.) :</subfield><subfield code='b'>sd., col. ;</subfield><subfield code='c'>1/2 in.</subfield></datafield><datafield ind1=' ' ind2=' ' tag='538'><subfield code='a'>VHS.</subfield></datafield><datafield ind1=' ' ind2=' ' tag='500'><subfield code='a'>Title from data sheet.</subfield></datafield><datafield ind1='0' ind2=' ' tag='511'><subfield code='a'>Maureen Warner-Lewis.</subfield></datafield><datafield ind1=' ' ind2=' ' tag='518'><subfield code='a'>Videotaped live on October 21, 2003 at Africana Studies and Research Center, Cornell University.</subfield></datafield><datafield ind1=' ' ind2=' ' tag='520'><subfield code='a'>Discusses the remnants of Central African culture in Caribbean culture through music and dance. Addresses a bond between African and Caribbean cultures.</subfield></datafield><datafield ind1=' ' ind2='0' tag='651'><subfield code='a'>Africa, Central</subfield><subfield code='x'>Civilization.</subfield></datafield><datafield ind1=' ' ind2='0' tag='651'><subfield code='a'>Africa, Central</subfield><subfield code='x'>Social life and customs.</subfield></datafield><datafield ind1=' ' ind2='0' tag='651'><subfield code='a'>Caribbean Area</subfield><subfield code='x'>Civilization.</subfield></datafield><datafield ind1=' ' ind2='0' tag='651'><subfield code='a'>Caribbean Area</subfield><subfield code='x'>Social life and customs.</subfield></datafield><datafield ind1=' ' ind2='7' tag='650'><subfield code='a'>Civilization</subfield><subfield code='2'>fast</subfield><subfield code='0'>(OCoLC)fst00862898</subfield></datafield><datafield ind1=' ' ind2='7' tag='650'><subfield code='a'>Manners and customs</subfield><subfield code='2'>fast</subfield><subfield code='0'>(OCoLC)fst01007815</subfield></datafield><datafield ind1=' ' ind2='7' tag='651'><subfield code='a'>Africa, Central</subfield><subfield code='2'>fast</subfield><subfield code='0'>(OCoLC)fst01239510</subfield></datafield><datafield ind1=' ' ind2='7' tag='651'><subfield code='a'>Caribbean Area</subfield><subfield code='2'>fast</subfield><subfield code='0'>(OCoLC)fst01244080</subfield></datafield><datafield ind1='1' ind2=' ' tag='700'><subfield code='a'>Warner-Lewis, Maureen.</subfield></datafield><datafield ind1='2' ind2=' ' tag='710'><subfield code='a'>Cornell University.</subfield><subfield code='b'>Africana Studies and Research Center.</subfield></datafield><datafield ind1='1' ind2=' ' tag='948'><subfield code='a'>20040225</subfield><subfield code='b'>o</subfield><subfield code='d'>sok1</subfield><subfield code='e'>lts</subfield></datafield><datafield ind1='2' ind2=' ' tag='948'><subfield code='a'>20040604</subfield><subfield code='b'>a</subfield><subfield code='d'>pd36</subfield><subfield code='e'>lts</subfield><subfield code='f'>?</subfield><subfield code='h'>?</subfield></datafield><datafield ind1='2' ind2=' ' tag='948'><subfield code='a'>20141228</subfield><subfield code='b'>m</subfield><subfield code='d'>batch</subfield><subfield code='e'>lts</subfield><subfield code='x'>addfast</subfield></datafield></record>